@misc{色覚の多様性と色覚バリアフリーなプレゼンテーション,
    title={色覚の多様性と色覚バリアフリーなプレゼンテーション},
    url={https://gakken-mesh.jp/html/pc/pdf/s0209shikikaku.pdf},
    author={岡部正隆 伊藤 啓},
    year={2002},
    note={アクセス日: 2024-09-24}
}
@misc{色のシミュレータ,
    title={色のシミュレータ},
    url={https://asada.website/cvsimulator/j/index.html},
    author={浅田一憲},
    note={アクセス日: 2024-08-22}
}